
@inbook{ HOGDisp,
author = { Weilong Song and
        Guangming Xiong and
        Linlang Cao and
        Yanhua Jiang },
title = {Depth Calculation and Object Detection Using Stereo Vision with Subpixel Disparity and HOG Feature},
booktitle = {Advances in Information Technology and Education},
}

@book{gonzalez,
author = { R. Gonzalez and R. Woods },
title =  {Digital Image Processing, 3rd Edition}
}

@report{obstacleavoidance,
author = {Syedur Rahman},
title = {Obstacle Detection for Mobile Robots
Using Computer Vision },
type = {Final year Project Report},
institution = {Obstacle Detection for Mobile Robots
Using Computer Vision
Syedur Rahman
Final Year Project (PR3)
Supervised by Dr N.E. Pears
Department of Computer Science
University of York},
date = {March 2005},
}

@misc{Opencvandroid,

title = {Introduction to Android Development},
OPTurl = {http://docs.opencv.org/doc/tutorials/introduction/android_binary_package/android_dev_intro.html#android-dev-intro},
OPTurldate = {8 August, 2013},
}

@misc{opencvdoc,

title = {OpenCV documentation},
OPTurl = {http://docs.opencv.org/
OPTurldate = {8 August, 2013},
}


@article{brief,
    author = {M. Calonder and V. Lepetit and M. Ozuysal and T. Trzcinski and C. Strecha and P. Fua},
    title = {{{BRIEF}: Computing a Local Binary Descriptor Very Fast}},
    journal = "IEEE Transactions on Pattern Analysis and Machine Intelligence",
    year = 2012,
    volume = 34,
    number = 7,
    pages = "1281--1298" } 
    
@TechReport{who,
author = {Various Authors},
title = {GLOBAL DATA ON
VISUAL IMPAIRMENTS
2010},
institution = {World Heath Organization},
year = {2010},
}

S. Singh and P. Keller: “Obstacle Detection for High Speed Autonomous Navigation”, 
IEEE Proceedings of International Conference on Robotics and Automation, 1992. 

@inproceedings{nav1,
author = {S. Singh and P. Keller},
title = {Obstacle detection for High Speed Autonomous Navigation},
booktitle = {IEEE Proceedings of International Conference on Robotics and Automation},
date = {1992},
}

G. Gini, A. Marchi, "Indoor Robot Navigation with Single Camera Vision", Proc. Pattern Recognition in Information Systems, PRIS, Alicante, Spain, April 2002.
@inproceedings{nav2,
author = {G. Gini and A. Marchi},

title = { "Indoor Robot Navigation with Single Camera Vision},
booktitle = {Proc. Pattern Recognition in Information Systems},
date = {2002},
OPTlocation = {Alicante, Spain},
}

@inproceedings{slam,
author = {Leonard, J.J. },
title = {Simultaneous map building and localization for an autonomous mobile robot },
booktitle = {Intelligent Robots and Systems '91. 'Intelligence for Mechanical Systems, Proceedings IROS '91. IEEE},
date = {1991},
}

@inproceedings{stereo1,
  title={Real-time localization in outdoor environments using stereo vision and inexpensive gps},
  author={Agrawal, Motilal and Konolige, Kurt},
  booktitle={Pattern Recognition, 2006. ICPR 2006. 18th International Conference on},
  volume={3},
  pages={1063--1068},
  year={2006},
  organization={IEEE}
}

@article{sonar,
  title={Sonar-based real-world mapping and navigation},
  author={Elfes, Alberto},
  journal={Robotics and Automation, IEEE Journal of},
  volume={3},
  number={3},
  pages={249--265},
  year={1987},
  publisher={IEEE}
}

@inproceedings{outdoorstereo,
  title={Traversability classification using unsupervised on-line visual learning for outdoor robot navigation},
  author={Kim, Dongshin and Sun, Jie and Oh, Sang Min and Rehg, James M and Bobick, Aaron F},
  booktitle={Robotics and Automation, 2006. ICRA 2006. Proceedings 2006 IEEE International Conference on},
  pages={518--525},
  year={2006},
  organization={IEEE}
}

@inproceedings{sonarstereo,
  title={Integration of sonar and stereo range data using a grid-based representation},
  author={Matthies, Larry and Elfes, Alberto},
  booktitle={Robotics and Automation, 1988. Proceedings., 1988 IEEE International Conference on},
  pages={727--733},
  year={1988},
  organization={IEEE}
}

@inproceedings{labayrade2002,
  title={Real time obstacle detection in stereovision on non flat road geometry through},
  author={Labayrade, Raphael and Aubert, Didier and Tarel, J-P},
  booktitle={Intelligent Vehicle Symposium, 2002. IEEE},
  volume={2},
  pages={646--651},
  year={2002},
  organization={IEEE}
}
    
@article{murray2000using,
  title={Using real-time stereo vision for mobile robot navigation},
  author={Murray, Don and Little, James J},
  journal={Autonomous Robots},
  volume={8},
  number={2},
  pages={161--171},
  year={2000},
  publisher={Springer}
}

@inproceedings{murray1997stereo,
  title={Stereo vision based mapping and navigation for mobile robots},
  author={Murray, Don and Jennings, Cullen},
  booktitle={Robotics and Automation, 1997. Proceedings., 1997 IEEE International Conference on},
  volume={2},
  pages={1694--1699},
  year={1997},
  organization={IEEE}
}

@article{hirschmuller2008stereo,
  title={Stereo processing by semiglobal matching and mutual information},
  author={Hirschmuller, Heiko},
  journal={Pattern Analysis and Machine Intelligence, IEEE Transactions on},
  volume={30},
  number={2},
  pages={328--341},
  year={2008},
  publisher={IEEE}
}



@inproceedings{rosten_2006_machine,
    title       =    "Machine learning for high-speed corner detection",
    author      =    "Edward Rosten and Tom Drummond",
    year        =    "2006",
    month       =    "May",
    pages       =    "430--443",
    volume      =    "1",
    doi         =    "10.1007/11744023_34",
    booktitle   =    "European Conference on Computer Vision",
    notes       =    "Poster presentation",
    url         =    "http://edwardrosten.com/work/rosten_2006_machine.pdf",
}



@inproceedings{hrabar2005combined,
  title={Combined optic-flow and stereo-based navigation of urban canyons for a UAV},
  author={Hrabar, Stefan and Sukhatme, Gaurav S and Corke, Peter and Usher, Kane and Roberts, Jonathan},
  booktitle={Intelligent Robots and Systems, 2005.(IROS 2005). 2005 IEEE/RSJ International Conference on},
  pages={3309--3316},
  year={2005},
  organization={IEEE}
}

@inproceedings{helal2001drishti,
  title={Drishti: An integrated navigation system for visually impaired and disabled},
  author={Helal, Abdelsalam and Moore, Steven Edwin and Ramachandran, Balaji},
  booktitle={Wearable Computers, 2001. Proceedings. Fifth International Symposium on},
  pages={149--156},
  year={2001},
  organization={IEEE}
}

@inproceedings{ran2004drishti,
  title={Drishti: an integrated indoor/outdoor blind navigation system and service},
  author={Ran, Lisa and Helal, Sumi and Moore, Steve},
  booktitle={Pervasive Computing and Communications, 2004. PerCom 2004. Proceedings of the Second IEEE Annual Conference on},
  pages={23--30},
  year={2004},
  organization={IEEE}
}

@inproceedings{Zollner20118609458,
author = {Michael Zöllner and Stephan Huber and Hans-Christian Jetter and Harald Reiterer},
title = {NAVI - A Proof-of-Concept of a Mobile Navigational Aid for Visually Impaired Based on the Microsoft Kinect},
booktitle = {INTERACT 2011: Proceedings of 13th IFIP TC13 Conference on Human-Computer Interaction (Interactive Poster)},
year = {2011},
pages = {584-587 (Part IV)},
month = {Sep},
publisher = {acm In-Cooperation, SpringerLink}
}

@inproceedings{sakhardande2012smart,
  title={Smart Cane Assisted Mobility for the Visually Impaired},
  author={Sakhardande, Jayant and Pattanayak, Pratik and Bhowmick, Mita},
  booktitle={Proceedings of World Academy of Science, Engineering and Technology},
  number={70},
  year={2012},
  organization={World Academy of Science, Engineering and Technology}
}
@online{blindsquare,
title = {BlindSquare,  http://blindsquare.com/about/},
date = {2012},
Brain, Marshall, and Tom Harris.  "How GPS Receivers Work" .  HowStuffWorks.com. <http://electronics.howstuffworks.com/gadgets/travel/gps.htm>  26 September 2013.
}
@online{gps,
author = {Marshall Brain and Tom Harris},
title = {How GPS Recievers work.
,HowStuffWorks.com, http://electronics.howstuffworks.com/gadgets/travel/gps.htm},
date = { 25 September 2006},
OPTorganization = {HowStuffWorks.com},

}

@book{hartley2000multiple,
  title={Multiple view geometry in computer vision},
  author={Hartley, Richard and Zisserman, Andrew},
  volume={2},
  year={2000},
  publisher={Cambridge Univ Press}
}

@incollection{marr1991computational,
  title={A computational theory of human stereo vision},
  author={Marr, David and Poggio, Tomaso and Hildreth, Ellen C and Grimson, W Eric L},
  booktitle={From the Retina to the Neocortex},
  pages={263--295},
  year={1991},
  publisher={Springer}
}

@article{grimson1981computer,
  title={A computer implementation of a theory of human stereo vision},
  author={Grimson, William Eric Leifur},
  journal={Philosophical Transactions of the Royal Society of London. Series B, Biological Sciences},
  pages={217--253},
  year={1981},
  publisher={JSTOR}
}

@article{taxonomy,
  title={A taxonomy and evaluation of dense two-frame stereo correspondence algorithms},
  author={Scharstein, Daniel and Szeliski, Richard},
  journal={International journal of computer vision},
  volume={47},
  number={1-3},
  pages={7--42},
  year={2002},
  publisher={Springer}
}



@Misc{compdata,
key = {Private Data},
author = {DucereTechnologies},
title = {LeChal ver 1.0},
howpublished = {Internal product manuals}
}

@Misc{lechal,
author = {Anirudh Sharma and Krispian Lawrence},
title = {LeChal: A Navigational Shoe for the Visually Impaired},
month = July,
year = {2013},
url = {http://www.duceretech.org/}
}

@article{infrared,
  title={Using infrared sensors for distance measurement in mobile robots},
  author={Benet, Gines and Blanes, Francisco and Sim{\'o}, Jos{\'e} E and P{\'e}rez, Pascual},
  journal={Robotics and autonomous systems},
  volume={40},
  number={4},
  pages={255--266},
  year={2002},
  publisher={Elsevier}
}

@article{thorpe1988vision,
  title={Vision and navigation for the Carnegie-Mellon Navlab},
  author={Thorpe, Charles and Hebert, Martial H and Kanade, Takeo and Shafer, Steven A},
  journal={Pattern Analysis and Machine Intelligence, IEEE Transactions on},
  volume={10},
  number={3},
  pages={362--373},
  year={1988},
  publisher={IEEE}
}

@Manual{androiddevguide,
title = {Android Developers Guide},

}

@Misc{playstore,
OPTkey = {•},
OPTauthor = {•},
OPTtitle = {https://play.google.com/store/apps/details?id=org.opencv.engine&hl=en},
OPThowpublished = {•},
OPTmonth = {•},
OPTyear = {•},
OPTnote = {•},
OPTannote = {•}
}



